@Article{pir18:hig,
  author = 	 {Pirogov, A. and Pfaffelhuber, P. and B\"orsch-Haubold, A. G. and Haubold, B.},
  title = 	 {High-complexity regions in mammalian genomes are enriched for developmental genes},
  journal = {Bioinformatics},
  volume = {},
  number = {},
  year = {2018},
  doi = {10.1093/bioinformatics/bty922},
  eprint = {/oup/backfile/content_public/journal/bioinformatics/pap/10.1093_bioinformatics_bty922/3/bty922.pdf}
}

@Article{ye12:pri,
  author = 	 {Ye, H. and Coulouris, G. and Zaretskaya, I. and Cutcutache, I. and Rozen, S. and Madden, T. L.},
  title = 	 {Primer-{BLAST}: {A} tool to desing target specific primers for polymerase chain reaction},
  journal = 	 {BMC Bioinformatics},
  year = 	 2012,
  key = 	 1524,
  volume = 	 13,
  pages = 	 134}
                  
@Article{hau15:and,
  author = 	 {Haubold, B. and Kl\"otzl, F. and Pfaffelhuber, P.},
  title = 	 {\texttt{andi}: Fast and accurate estimation of evolutionary distances between closely related genomes},
  journal = 	 {Bioinformatics},
  year = 	 2015,
  volume =       31,
  pages =        {1169--75}
}

@Article{	  pet14:glo,
  author	= {Petty, N. K. and Ben Zakour, N. L. and Stanton-Cook, M.
		  and Skippington, E. and Totsika, M. and Forde, B. M. and
		  Phan, M.-D. and Gomes Moriel, D. and Peters, K. M. and
		  Davies, M. and Rogers, B. A. and Dougan, G. and
		  Rodriguez-Ba\~{n}, J. and Pascual, A. and Pitout, J. D. D.
		  and Upton, M. and Paterson, D. L. and Walsh, T. R. and
		  Schembri, M. A. and Beatson, S. A.},
  title		= {Global dissemination of a multidrug resistant
		  \textit{Escherichia coli} clone},
  journal	= {Proceedings of the National Academy of Sciences, USA},
  year		= 2014,
  key		= 1361,
  volume	= 111,
  pages         = {5694--5699}
}
